<?xml version="1.0" encoding="UTF-8"?>
<zs:searchRetrieveResponse xmlns:zs="http://www.loc.gov/zing/srw/"><zs:version>1.1</zs:version><zs:numberOfRecords>5</zs:numberOfRecords><zs:records><zs:record><zs:recordSchema/><zs:recordPacking>xml</zs:recordPacking><zs:recordData><record xmlns="http://www.loc.gov/MARC21/slim" format="MARC21" type="Bibliographic">
    <leader>00000nam a2200373 cb4500</leader>
    <controlfield tag="001">HT014020783</controlfield>
    <controlfield tag="003">DE-605</controlfield>
    <controlfield tag="005">00000000000000.0</controlfield>
    <controlfield tag="007">t</controlfield>
    <controlfield tag="008">040517s1982    gw ad||  |||| 00||| ger d</controlfield>
    <datafield tag="020" ind1=" " ind2=" ">
      <subfield code="a">3506374419</subfield>
      <subfield code="9">3-506-37441-9</subfield>
    </datafield>
    <datafield tag="024" ind1="8" ind2=" ">
      <subfield code="a">Best.-Nr. 37441</subfield>
    </datafield>
    <datafield tag="035" ind1=" " ind2=" ">
      <subfield code="a">(OCoLC)74557806</subfield>
    </datafield>
    <datafield tag="035" ind1=" " ind2=" ">
      <subfield code="a">(DE-599)HBZHT014020783</subfield>
    </datafield>
    <datafield tag="040" ind1=" " ind2=" ">
      <subfield code="a">DE-605</subfield>
      <subfield code="b">ger</subfield>
      <subfield code="e">rakwb</subfield>
    </datafield>
    <datafield tag="041" ind1="0" ind2=" ">
      <subfield code="a">ger</subfield>
    </datafield>
    <datafield tag="044" ind1=" " ind2=" ">
      <subfield code="a">gw</subfield>
      <subfield code="c">DE</subfield>
    </datafield>
    <datafield tag="245" ind1="0" ind2="0">
      <subfield code="a">Informatik</subfield>
      <subfield code="c">Manfred Prante ; Wolfgang Tofahrn</subfield>
    </datafield>
    <datafield tag="246" ind1="1" ind2="0">
      <subfield code="a">Schulbuch Schöningh</subfield>
    </datafield>
    <datafield tag="250" ind1=" " ind2=" ">
      <subfield code="a">[Nachdr.]</subfield>
    </datafield>
    <datafield tag="260" ind1=" " ind2=" ">
      <subfield code="a">Paderborn</subfield>
      <subfield code="b">Schöningh</subfield>
      <subfield code="c">[19]82</subfield>
    </datafield>
    <datafield tag="300" ind1=" " ind2=" ">
      <subfield code="a">240 S.</subfield>
      <subfield code="b">Ill., graph. Darst.</subfield>
    </datafield>
    <datafield tag="385" ind1=" " ind2=" ">
      <subfield code="0">(DE-588)4053369-4</subfield>
      <subfield code="a">Schüler</subfield>
      <subfield code="2">gnd</subfield>
    </datafield>
    <datafield tag="490" ind1="1" ind2=" ">
      <subfield code="a">Schöninghbuch</subfield>
      <subfield code="v">37441</subfield>
    </datafield>
    <datafield tag="650" ind1="0" ind2="7">
      <subfield code="a">Informatik</subfield>
      <subfield code="0">(DE-588)4026894-9</subfield>
      <subfield code="2">gnd</subfield>
    </datafield>
    <datafield tag="655" ind1=" " ind2="7">
      <subfield code="0">(DE-588)4053458-3</subfield>
      <subfield code="a">Schulbuch</subfield>
      <subfield code="2">gnd-content</subfield>
    </datafield>
    <datafield tag="689" ind1="0" ind2=" ">
      <subfield code="5">DE-605</subfield>
    </datafield>
    <datafield tag="689" ind1="0" ind2="0">
      <subfield code="a">Informatik</subfield>
      <subfield code="0">(DE-588)4026894-9</subfield>
      <subfield code="D">s</subfield>
    </datafield>
    <datafield tag="700" ind1="1" ind2=" ">
      <subfield code="a">Prante, Manfred</subfield>
      <subfield code="e">Sonstige</subfield>
      <subfield code="4">oth</subfield>
    </datafield>
    <datafield tag="700" ind1="1" ind2=" ">
      <subfield code="a">Tofahrn, Wolfgang</subfield>
      <subfield code="e">Sonstige</subfield>
      <subfield code="4">oth</subfield>
    </datafield>
    <datafield tag="830" ind1=" " ind2="0">
      <subfield code="a">Schöninghbuch</subfield>
      <subfield code="v">37441</subfield>
      <subfield code="w">(DE-605)HT003053914</subfield>
    </datafield>
    <datafield tag="924" ind1="0" ind2=" ">
      <subfield code="9">466</subfield>
      <subfield code="b">DE-466</subfield>
      <subfield code="c">NRW</subfield>
      <subfield code="d">c</subfield>
      <subfield code="f">keine Angabe</subfield>
      <subfield code="g">TSD4165</subfield>
    </datafield>
    <datafield tag="924" ind1="0" ind2=" ">
      <subfield code="9">5</subfield>
      <subfield code="b">DE-5</subfield>
      <subfield code="c">NRW</subfield>
      <subfield code="d">d</subfield>
      <subfield code="f">keine ILL</subfield>
      <subfield code="g">PRA</subfield>
      <subfield code="h">DE-5-14</subfield>
      <subfield code="h">00070015</subfield>
    </datafield>
    <datafield tag="924" ind1="0" ind2=" ">
      <subfield code="9">466</subfield>
      <subfield code="b">DE-466</subfield>
      <subfield code="c">NRW</subfield>
      <subfield code="f">30</subfield>
      <subfield code="h">40</subfield>
      <subfield code="i">TSD4165</subfield>
    </datafield>
    <datafield tag="960" ind1=" " ind2="0">
      <subfield code="a">(DE-605)HBZ01-012633043</subfield>
    </datafield>
  </record></zs:recordData><zs:recordPosition>1</zs:recordPosition></zs:record>