<zs:record><zs:recordSchema/><zs:recordPacking>xml</zs:recordPacking><zs:recordData><record xmlns="http://www.loc.gov/MARC21/slim" format="MARC21" type="Bibliographic">
    <leader>00000nam a2200541 c 4500</leader>
    <controlfield tag="001">BT000072798</controlfield>
    <controlfield tag="003">DE-605</controlfield>
    <controlfield tag="005">19960816        </controlfield>
    <controlfield tag="007">t</controlfield>
    <controlfield tag="008">960816s1987       ab||  |||| 00||| und d</controlfield>
    <datafield tag="020" ind1=" " ind2=" ">
      <subfield code="a">3883395900</subfield>
      <subfield code="9">3-88339-590-0</subfield>
    </datafield>
    <datafield tag="035" ind1=" " ind2=" ">
      <subfield code="a">(OCoLC)1069846308</subfield>
    </datafield>
    <datafield tag="035" ind1=" " ind2=" ">
      <subfield code="a">(DE-599)HBZBT000072798</subfield>
    </datafield>
    <datafield tag="040" ind1=" " ind2=" ">
      <subfield code="a">DE-605</subfield>
      <subfield code="b">ger</subfield>
      <subfield code="e">rakwb</subfield>
    </datafield>
    <datafield tag="041" ind1=" " ind2=" ">
      <subfield code="a">und</subfield>
    </datafield>
    <datafield tag="084" ind1=" " ind2=" ">
      <subfield code="a">Grafschaft Mark</subfield>
      <subfield code="2">nwbib</subfield>
    </datafield>
    <datafield tag="084" ind1=" " ind2=" ">
      <subfield code="a">Bergbaugeschichte</subfield>
      <subfield code="2">nwbib</subfield>
    </datafield>
    <datafield tag="100" ind1="1" ind2=" ">
      <subfield code="a">Bader, Karl Heinz</subfield>
      <subfield code="e">Verfasser</subfield>
      <subfield code="4">aut</subfield>
    </datafield>
    <datafield tag="245" ind1="0" ind2="0">
      <subfield code="a">250 [Zweihundertfünfzig] Jahre märkischer Steinkohlenbergbau</subfield>
      <subfield code="b">e. Beitr. zur Geschichte d. Bergbaus, d. Bergverwaltung u. d. Stadt Bochum</subfield>
      <subfield code="c">unter Mitarb. von Manfred Prante.</subfield>
    </datafield>
    <datafield tag="246" ind1="1" ind2=" ">
      <subfield code="a">250 Jahre märkischer Steinkohlenbergbau</subfield>
    </datafield>
    <datafield tag="260" ind1=" " ind2=" ">
      <subfield code="a">Bochum</subfield>
      <subfield code="b">Studienverl. Brockmeyer</subfield>
      <subfield code="c">1987</subfield>
    </datafield>
    <datafield tag="300" ind1=" " ind2=" ">
      <subfield code="a">232 S.</subfield>
      <subfield code="b">Ill., Kt.</subfield>
    </datafield>
    <datafield tag="655" ind1=" " ind2="7">
      <subfield code="a">Bochum, Bergbaugeschichte</subfield>
      <subfield code="2">gnd</subfield>
    </datafield>
    <datafield tag="655" ind1=" " ind2="7">
      <subfield code="a">Mark (Grafschaft), Bergbaugeschichte</subfield>
      <subfield code="2">gnd</subfield>
    </datafield>
    <datafield tag="655" ind1=" " ind2="7">
      <subfield code="a">Steinkohlenbergbau, Bochum</subfield>
      <subfield code="2">gnd</subfield>
    </datafield>
    <datafield tag="655" ind1=" " ind2="7">
      <subfield code="a">Bergbaugeschichte, Bochum</subfield>
      <subfield code="2">gnd</subfield>
    </datafield>
    <datafield tag="655" ind1=" " ind2="7">
      <subfield code="a">Steinkohlenbergbau, Mark (Grafschaft)</subfield>
      <subfield code="2">gnd</subfield>
    </datafield>
    <datafield tag="655" ind1=" " ind2="7">
      <subfield code="a">Bochum, Steinkohlenbergbau</subfield>
      <subfield code="2">gnd</subfield>
    </datafield>
    <datafield tag="655" ind1=" " ind2="7">
      <subfield code="a">Mark (Grafschaft), Steinkohlenbergbau</subfield>
      <subfield code="2">gnd</subfield>
    </datafield>
    <datafield tag="689" ind1="0" ind2=" ">
      <subfield code="5">DE-605</subfield>
    </datafield>
    <datafield tag="689" ind1="0" ind2="0">
      <subfield code="a">Mark (Grafschaft), Bergbaugeschichte</subfield>
      <subfield code="A"/>
    </datafield>
    <datafield tag="689" ind1="1" ind2=" ">
      <subfield code="5">DE-605</subfield>
    </datafield>
    <datafield tag="689" ind1="1" ind2="0">
      <subfield code="a">Bochum, Bergbaugeschichte</subfield>
      <subfield code="A"/>
    </datafield>
    <datafield tag="689" ind1="2" ind2=" ">
      <subfield code="5">DE-605</subfield>
    </datafield>
    <datafield tag="689" ind1="2" ind2="0">
      <subfield code="a">Mark (Grafschaft), Steinkohlenbergbau</subfield>
      <subfield code="A"/>
    </datafield>
    <datafield tag="689" ind1="3" ind2=" ">
      <subfield code="5">DE-605</subfield>
    </datafield>
    <datafield tag="689" ind1="3" ind2="0">
      <subfield code="a">Bochum, Steinkohlenbergbau</subfield>
      <subfield code="A"/>
    </datafield>
    <datafield tag="689" ind1="4" ind2=" ">
      <subfield code="5">DE-605</subfield>
    </datafield>
    <datafield tag="689" ind1="4" ind2="0">
      <subfield code="a">Bergbaugeschichte, Bochum</subfield>
      <subfield code="A"/>
    </datafield>
    <datafield tag="689" ind1="5" ind2=" ">
      <subfield code="5">DE-605</subfield>
    </datafield>
    <datafield tag="689" ind1="5" ind2="0">
      <subfield code="a">Steinkohlenbergbau, Mark (Grafschaft)</subfield>
      <subfield code="A"/>
    </datafield>
    <datafield tag="689" ind1="6" ind2=" ">
      <subfield code="5">DE-605</subfield>
    </datafield>
    <datafield tag="689" ind1="6" ind2="0">
      <subfield code="a">Steinkohlenbergbau, Bochum</subfield>
      <subfield code="A"/>
    </datafield>
    <datafield tag="700" ind1="1" ind2=" ">
      <subfield code="a">Röttger, Karl</subfield>
      <subfield code="e">Verfasser</subfield>
      <subfield code="4">aut</subfield>
    </datafield>
    <datafield tag="700" ind1="1" ind2=" ">
      <subfield code="a">Prante, Manfred</subfield>
      <subfield code="e">Sonstige</subfield>
      <subfield code="4">oth</subfield>
    </datafield>
    <datafield tag="924" ind1="0" ind2=" ">
      <subfield code="9">Sol 1</subfield>
      <subfield code="b">DE-Sol1</subfield>
      <subfield code="c">NRW</subfield>
      <subfield code="d">d</subfield>
      <subfield code="f">keine ILL</subfield>
      <subfield code="g">MA 3072</subfield>
    </datafield>
    <datafield tag="960" ind1=" " ind2="0">
      <subfield code="a">(DE-605)HBZ01-011119359</subfield>
    </datafield>
    <datafield tag="960" ind1="1" ind2=" ">
      <subfield code="n">NWBib</subfield>
    </datafield>
  </record></zs:recordData><zs:recordPosition>2</zs:recordPosition></zs:record>