<zs:record><zs:recordSchema/><zs:recordPacking>xml</zs:recordPacking><zs:recordData><record xmlns="http://www.loc.gov/MARC21/slim" format="MARC21" type="Bibliographic">
    <leader>00000nam a2200000uu 4500</leader>
    <controlfield tag="001">(DE-E15)000003552</controlfield>
    <controlfield tag="003">DE-E15</controlfield>
    <controlfield tag="005">20220523000000.0</controlfield>
    <controlfield tag="008">220523s1987    gw ||||  |||| 00||| ger|c</controlfield>
    <datafield tag="040" ind1=" " ind2=" ">
      <subfield code="a">DE-E15</subfield>
      <subfield code="b">ger</subfield>
      <subfield code="c">DE-605</subfield>
    </datafield>
    <datafield tag="100" ind1="1" ind2=" ">
      <subfield code="a">Bader, Karl-Heinz</subfield>
    </datafield>
    <datafield tag="245" ind1=" " ind2=" ">
      <subfield code="a">250  Jahre märkischer Steinkohlenbergbau</subfield>
      <subfield code="b">Ein Beitrag zur Geschichte des Bergbaus, der Bergverwaltung und der Stadt Bochum</subfield>
      <subfield code="c">Karl-Heinz Bader ; Karl Röttger. Unter Mitarbeit von Manfred Prante</subfield>
    </datafield>
    <datafield tag="264" ind1=" " ind2="1">
      <subfield code="a">Bochum</subfield>
      <subfield code="b">Brockmeyer</subfield>
      <subfield code="c">1987</subfield>
    </datafield>
    <datafield tag="300" ind1=" " ind2=" ">
      <subfield code="a">232 S.</subfield>
      <subfield code="b">Ill., graph. Darst.</subfield>
    </datafield>
    <datafield tag="700" ind1="1" ind2=" ">
      <subfield code="a">Prante, Manfred [Mitarb.]</subfield>
    </datafield>
    <datafield tag="705" ind1="1" ind2=" ">
      <subfield code="a">Röttger, Karl</subfield>
    </datafield>
    <datafield tag="924" ind1=" " ind2=" ">
      <subfield code="b">DE-E15</subfield>
      <subfield code="c">NRW</subfield>
    </datafield>
  </record></zs:recordData><zs:recordPosition>4</zs:recordPosition></zs:record>