<zs:record><zs:recordSchema/><zs:recordPacking>xml</zs:recordPacking><zs:recordData><record xmlns="http://www.loc.gov/MARC21/slim" format="MARC21" type="Bibliographic">
    <leader>00000nam a2200000uu 4500</leader>
    <controlfield tag="001">(DE-131)0358674</controlfield>
    <controlfield tag="003">DE-131</controlfield>
    <controlfield tag="005">20220519000000.0</controlfield>
    <controlfield tag="008">220519s1978    gw ||||  |||| 00||| ger|c</controlfield>
    <datafield tag="020" ind1=" " ind2=" ">
      <subfield code="a">3506374419</subfield>
    </datafield>
    <datafield tag="040" ind1=" " ind2=" ">
      <subfield code="a">DE-131</subfield>
      <subfield code="b">ger</subfield>
      <subfield code="c">DE-605</subfield>
    </datafield>
    <datafield tag="100" ind1="1" ind2=" ">
      <subfield code="a">Prante, Manfred</subfield>
    </datafield>
    <datafield tag="245" ind1=" " ind2=" ">
      <subfield code="a">Informatik</subfield>
      <subfield code="c">Manfred Prante ; Wolfgang Tofahrn</subfield>
    </datafield>
    <datafield tag="264" ind1=" " ind2="1">
      <subfield code="a">Paderborn</subfield>
      <subfield code="b">Schöningh</subfield>
      <subfield code="c">1978</subfield>
    </datafield>
    <datafield tag="300" ind1=" " ind2=" ">
      <subfield code="a">240 S.</subfield>
      <subfield code="b">zahlr. graph. Darst.</subfield>
    </datafield>
    <datafield tag="500" ind1=" " ind2=" ">
      <subfield code="a">Auf d. Rücken: Prante-Tofahrn.</subfield>
    </datafield>
    <datafield tag="700" ind1="1" ind2=" ">
      <subfield code="a">Tofahrn, Wolfgang</subfield>
    </datafield>
    <datafield tag="924" ind1=" " ind2=" ">
      <subfield code="b">DE-131</subfield>
      <subfield code="c">NRW</subfield>
    </datafield>
  </record></zs:recordData><zs:recordPosition>5</zs:recordPosition></zs:record></zs:records></zs:searchRetrieveResponse>